@book{compeau2015,
author = {Compeau, Phillip and Pevzner, Pavel},
title = {Bioinformatics Algorithms: An Active Learning Approach, 2nd Edition, Vol. II},
publisher = {Active Learning Publishers, LLC},
year = {2015},
note = {претпоследње поглавље \textit{Chapter 10: Why Have Biologists Still Not Developed an HIV Vaccine? -- Hidden Markov Models}, стране 178--233}
}

@misc{venn,
author = {Васовић, Лазар},
title = {Биоинформатика},
year = {2021},
month = {07},
note = {Classtools.net, ауторски Венов дијаграм: \url{https://www.classtools.net/Venn/202107-QTgda5}}
}

@misc{fauziyyah2019,
author = {Fauziyyah, Nabiilah Ardini},
title = {Bioinformatics: Decoding Nature's Code of Life},
year = {2019},
month = {12},
note = {Algoritma Technical Blog, чланак блога бесплатно доступан на интернет адреси: \url{https://algotech.netlify.app/blog/bio-intro/}}
}

@misc{cmero2015,
author = {Cmero, Marek},
title = {Frequently Asked Questions about a Career in Bioinformatics},
year = {2015},
month = {09},
note = {Genome Jigsaw, чланак блога бесплатно доступан на интернет адреси: \url{https://genomejigsaw.wordpress.com/2015/09/27/faq/}}
}

@misc{ufpr,
title = {A guide for students},
note = {Programa de Pós-Graduação em Bioinformática, Universidade Federal do Paraná (UFPR), Curitiba, уводна реч једног бразилског програма дипломских студија из биоинформатике доступна на: \url{http://www.bioinfo.ufpr.br/en/a-guide-for-students.html}}
}

@misc{ba,
title = {Bioinformatics Algorithms},
note = {званични сајт књиге/уџбеника из биоинформатике: \url{https://www.bioinformaticsalgorithms.org/}}
}

@misc{matf,
title = {Bioinformatika},
note = {званични сајт курса Увод у биоиформатику и уопшено биоинформатике: \url{http://www.bioinformatika.matf.bg.ac.rs/}}
}

@article{stamp2021,
author = {Stamp, Mark},
title = {A Revealing Introduction to Hidden Markov Models},
publisher = {Department of Computer Science, San Jose State University},
year = {2021},
note = {доступно на: \url{http://www.cs.sjsu.edu/~stamp/RUA/HMM.pdf}}
}

@misc{hmm,
author = {Tdunning},
title = {File:HiddenMarkovModel.svg},
note = {Wikimedia Commons, илустрација скривеног Марковљевог модела са Викимедије: \url{https://commons.wikimedia.org/wiki/File:HiddenMarkovModel.svg}}
}

@misc{who,
title = {Global HIV Programme},
note = {World Health Organization, доступно на: \url{https://www.who.int/teams/global-hiv-hepatitis-and-stis-programmes/hiv/strategic-information/hiv-data-and-statistics}}
}

@misc{weblogo,
title = {WebLogo, Version 2.8.2 (2005-09-08)},
note = {Department of Plant and Microbial Biology, University of California, Berkeley, онлајн апликација за илустрацију мотива бесплатно доступна на: \url{https://weblogo.berkeley.edu/}}
}