@book{compeau2015,
author = {Compeau, Phillip and Pevzner, Pavel},
title = {{Bioinformatics Algorithms: An Active Learning Approach, 2nd Edition, Vol. II}},
publisher = {Active Learning Publishers, LLC},
year = {2015},
note = {званични сајт: \url{https://www.bioinformaticsalgorithms.org/}}
}

@misc{ufpr,
title = {{A guide for students}},
note = {Programa de Pós-Graduação em Bioinformática, Universidade Federal do Paraná (UFPR), Curitiba, уводна реч једног бразилског програма дипломских студија из биоинформатике доступна на: \url{http://www.bioinfo.ufpr.br/en/a-guide-for-students.html}}
}

@misc{matf,
title = {{Bioinformatika}},
note = {званични сајт курса Увод у биоиформатику на Математичком факултету: \url{http://www.bioinformatika.matf.bg.ac.rs/}}
}

@misc{vasovich2021,
author = {Васовић, Лазар},
title = {{HMM u bioinformatici}},
year = {2021},
month = {09},
note = {GitHub, репозиторијум доступан на: \url{https://github.com/matfija/HMM-u-bioinformatici}}
}

@misc{who,
title = {{Global HIV Programme}},
note = {World Health Organization, доступно на: \url{https://www.who.int/teams/global-hiv-hepatitis-and-stis-programmes/hiv/strategic-information/hiv-data-and-statistics}}
}

@article{jong1992,
author = {Jong, Jean-Jacques de and Ronde, Anthony de and Keulen, Wilco and Tersmette, Matthijs and Goudsmit, Jaap},
year = {1992},
month = {12},
pages = {6777-80},
title = {{Minimal requirements for the human immunodeficiency virus type 1 V3 domain to support the syncytium-inducing phenotype: Analysis by single amino acid substitution}},
volume = {66},
journal = {Journal of virology},
doi = {10.1128/JVI.66.11.6777-6780.1992},
note = {чланак бесплатно доступан на: \url{https://www.ncbi.nlm.nih.gov/pmc/articles/PMC240176/pdf/jvirol00042-0547.pdf}}
}

@article{levene1910,
author = {Levene, P. A.},
title = {{ON THE BIOCHEMISTRY OF NUCLEIC ACIDS}},
journal = {Journal of the American Chemical Society},
volume = {32},
number = {2},
pages = {231-240},
year = {1910},
doi = {10.1021/ja01920a010},
note = {чланак делимично доступан на: \url{https://pubs.acs.org/doi/10.1021/ja01920a010}}
}

@article{watson1953,
author = {Watson, James D. and Crick, Francis H.},
journal = {Nature},
pages = {737-8},
title = {{Molecular structure of nucleic acids: A structure for deoxyribose nucleic acid}},
volume = {171},
number = {4356},
year = {1953},
month = {04},
note = {чланак бесплатно доступан на: \url{http://dosequis.colorado.edu/Courses/MethodsLogic/papers/WatsonCrick1953.pdf}}
}

@misc{souter2013,
author = {Souter, Keith},
title = {{The Pocket Guide to Dice \& Dice Games}},
year = {2013},
month = {01},
publisher = {Skyhorse Pocket Guides},
note = {део књиге бесплатно доступан на интернет адреси: \url{https://books.google.rs/books?id=lbbNDwAAQBAJ&pg=PT175}}
}

@article{khoda2014,
author = {Khodabandelou, Ghazaleh and Hug, Charlotte and Deneckère, Rébecca and Salinesi, Camille},
year = {2014},
month = {06},
title = {{Supervised vs. Unsupervised Learning for Intentional Process Model Discovery}},
doi = {10.1007/978-3-662-43745-2_15},
note = {Business Process Modeling, Development, and Support (BPMDS), Thessalonique, Greece, чланак доступан на: \url{https://hal-paris1.archives-ouvertes.fr/hal-00994165/document}}
}

@article{nguyen2016,
author = {Nguyen, Nam-Phuong and Nute, Michael and Mirarab, Siavash and Warnow, Tandy},
year = {2016},
month = {11},
pages = {89-100},
title = {{HIPPI: highly accurate protein family classification with ensembles of HMMs}},
volume = {17},
journal = {BMC Genomics},
doi = {10.1186/s12864-016-3097-0},
note = {доступно на: \url{https://bmcgenomics.biomedcentral.com/track/pdf/10.1186/s12864-016-3097-0.pdf}}
}

@article{gales2007,
author = {Gales, M.J.F. and Young, Steve},
year = {2007},
month = {01},
pages = {195-304},
title = {{The Application of Hidden Markov Models in Speech Recognition}},
volume = {1},
journal = {Foundations and Trends in Signal Processing},
doi = {10.1561/2000000004},
note = {доступно на: \url{https://mi.eng.cam.ac.uk/~mjfg/mjfg_NOW.pdf}}
}

@article{andreao2006,
author = {Andreão, Rodrigo and Dorizzi, Bernadette and Boudy, Jérôme},
year = {2006},
month = {09},
pages = {1541-9},
title = {{ECG Signal Analysis through Hidden Markov Models}},
volume = {53},
journal = {IEEE transactions on bio-medical engineering},
doi = {10.1109/TBME.2006.877103},
note = {чланак доступан на: \url{https://www.researchgate.net/profile/Bernadette-Dorizzi/publication/6872005_ECG_Signal_Analysis_through_Hidden_Markov_Models/links/54aab7730cf25c4c472f4941/ECG-Signal-Analysis-through-Hidden-Markov-Models.pdf}}
}

@book{jurafsky2020,
author = {Jurafsky, Dan and Martin, James H.},
title = {{Speech and Language Processing}},
publisher = {Prentice Hall},
year = {2020},
note = {део књиге бесплатно доступан на интернет адреси: \url{https://web.stanford.edu/~jurafsky/slp3/8.pdf}}
}

@misc{vasovic2021,
author = {Васовић, Лазар},
title = {{COVID u Srbiji}},
year = {2021},
month = {05},
note = {GitHub, репозиторијум доступан на интернет адреси: \url{https://github.com/matfija/COVID-u-Srbiji}}
}

@article{trentin2003,
author = {Trentin, Edmondo and Gori, Marco},
year = {2003},
month = {11},
pages = {1519-31},
title = {{Robust combination of neural networks and hidden Markov models for speech recognition}},
volume = {14},
number = {6},
journal = {IEEE Transactions on Neural Networks},
doi = {10.1109/TNN.2003.820838},
note = {апстракт доступан на интернет адреси: \url{https://ieeexplore.ieee.org/document/1257414}}
}

@article{tian2020,
author = {Tian, Fukui and Zhou, Qingyi and Yang, Chuanchuan},
year = {2020},
month = {03},
pages = {9728-37},
title = {{Gaussian mixture model-hidden Markov model based nonlinear equalizer for optical fiber transmission}},
volume = {28},
number = {7},
journal = {Optics Express},
doi = {10.1364/OE.386476},
note = {чланак доступан на: \url{https://www.osapublishing.org/oe/fulltext.cfm?uri=oe-28-7-9728&id=429345}}
}

@article{baum1966,
author = {Baum, L. E. and Petrie, T.},
journal = {The Annals of Mathematical Statistics},
volume = {37},
number = {6},
pages = {1554-63},
year = {1966},
month = {12},
title = {{Statistical Inference for Probabilistic Functions of Finite State Markov Chains}},
doi = {10.1214/aoms/1177699147},
note = {преузимање на: \url{https://projecteuclid.org/journalArticle/Download?urlId=10.1214\%2Faoms\%2F1177699147}}
}

@article{markov1906,
author = {Марков, Андрей Андреевич},
journal = {Известия физико-математического общества при Казанском университете},
volume = {2},
number = {15},
pages = {135-6},
year = {1906},
title = {{Распространение закона больших чисел на величины, зависящие друг от друга}}
}

@article{bishop1986,
author = {Bishop, M. and Thompson, E.},
journal = {Journal of Molecular Biology},
volume = {190},
number = {2},
pages = {159-65},
year = {1986},
month = {07},
title = {{Maximum Likelihood Alignment of DNA Sequences}},
doi = {10.1016/0022-2836(86)90289-5},
note = {апстракт доступан на: \url{https://pubmed.ncbi.nlm.nih.gov/3641921/}}
}

@article{viterbi1967,
author = {Viterbi, Andrew James},
journal = {IEEE Transactions on Information Theory},
volume = {13},
number = {2},
pages = {260-9},
year = {1967},
month = {04},
title = {{Error bounds for convolutional codes and an asymptotically optimum decoding algorithm}},
doi = {10.1109/TIT.1967.1054010},
note = {доступно на: \url{https://www.asc.ohio-state.edu/goel.1//STAT825/PAPERS/viterbiErrBnds.pdf}}
}

@misc{huson2020,
author = {Huson, Daniel},
title = {{Grundlagen der Bioinformatik}},
year = {2020},
month = {07},
note = {SoSe’20, Universität Tübingen, професорске белешке са предавања на курсу посвећеном основама биоинформатике доступне на: \url{https://software-ab.informatik.uni-tuebingen.de/download/public/GBi-2020-Script.pdf}}
}

@book{sperschneider2008,
author = {Sperschneider, Volker},
title = {{Bioinformatics: Problem Solving Paradigms}},
publisher = {Springer-Verlag Berlin Heidelberg},
year = {2008},
note = {део књиге бесплатно доступан на интернет адреси: \url{https://books.google.rs/books?id=C6NLpoHF2YwC&pg=PA268}}
}

@misc{kellis2021,
author = {Kellis, Manolis},
title = {{8.3: Encoding Memory in a HMM- Detection of CpG islands}},
year = {2021},
month = {01},
note = {Biology LibreTexts, ауторски текст професора доступан на: \url{https://bio.libretexts.org/@go/page/40962}}
}

@book{durbin1998,
author = {Durbin, Richard and Eddy, Sean and Krogh, Anders and Mitchison Graeme},
title = {{Biological Sequence Analysis: Probabilistic Models of Proteins and Nucleic Acids}},
publisher = {Cambridge University Press},
year = {1998},
note = {цела књига бесплатно доступна на интернет адреси: \url{http://www.mcb111.org/w06/durbin_book.pdf}}
}

@article{yoon2009,
author = {Yoon, Byung-Jun},
journal = {Current Genomics},
volume = {10},
number = {6},
pages = {402-15},
year = {2009},
month = {09},
title = {{Hidden Markov Models and their Applications in Biological Sequence Analysis}},
note = {чланак доступан на: \url{https://www.ncbi.nlm.nih.gov/pmc/articles/PMC2766791/}}
}

@article{knapp2007,
author = {Knapp, Keith and Chen, Yi-Ping Phoebe},
journal = {Nucleic Acids Research},
volume = {35},
number = {1},
pages = {317-24},
year = {2007},
month = {01},
title = {{An evaluation of contemporary hidden Markov model genefinders with a predicted exon taxonomy}},
note = {чланак доступан на интернет адреси: \url{https://www.ncbi.nlm.nih.gov/pmc/articles/PMC1802560/}}
}

@article{henderson1997,
author = {Henderson, J and Salzberg, S and Fasman K H},
journal = {Journal of Computational Biology},
volume = {4},
number = {2},
pages = {127-41},
year = {1997},
month = {04},
doi = {10.1089/cmb.1997.4.127},
title = {{Finding Genes in DNA with a Hidden Markov Model}},
note = {чланак бесплатно доступан на интернет адреси: \url{https://drum.lib.umd.edu/bitstream/handle/1903/8004/FindingGenes.pdf}}
}

@article{burge1997,
author = {Burge, Chris and Karlin, Samuel},
journal = {Journal of Molecular Biology},
volume = {268},
number = {1},
pages = {78-94},
year = {1997},
month = {04},
doi = {10.1006/jmbi.1997.0951},
title = {{Prediction of complete gene structures in human genomic DNA}},
note = {линк: \url{http://www.bx.psu.edu/old/courses/bx-fall07/genscan.pdf}}
}

@article{decaprio2007,
author = {DeCaprio, David and Vinson, Jade P. and Pearson, Matthew D. and Montgomery, Philip and Doherty, Matthew and Galagan, James E.},
journal = {Genome Research},
volume = {17},
number = {9},
pages = {1389-98},
year = {2007},
month = {09},
doi = {10.1101/gr.6558107},
title = {{Conrad: Gene prediction using conditional random fields}},
note = {доступно на: \url{https://www.ncbi.nlm.nih.gov/pmc/articles/PMC1950907/}}
}

@article{bateman2002,
author = {Bateman, Alex and Birney, Ewan and Cerruti, Lorenzo and Ettwiller, Laurence and Eddy, Sean and Griffiths-Jones, Sam and Howe, Kevin and Marshall, Mhairi and Sonnhammer, Erik},
year = {2002},
month = {02},
pages = {276-80},
title = {{The Pfam Protein Families Database}},
volume = {30},
journal = {{Nucleic acids research}},
note = {\url{https://www.ncbi.nlm.nih.gov/pmc/articles/PMC99071/}}
}

@article{cave1980,
author = {Cave, R. L. and Neuwirth, L. P.},
journal = {J. D. Ferguson, editor, Hidden Markov Models for Speech, IDA-CRD, Princeton, NJ},
title = {{Hidden Markov models for English}},
year = {1980},
month = {02},
note = {чланак доступан на интернет адреси: \url{http://www.cs.sjsu.edu/~stamp/RUA/CaveNeuwirth/cave-neuwirth.pdf}}
}

@article{baum1970,
author = {Baum, Leonard E. and Petriem Ted and Soules, George and Weiss, Norman},
journal = {Annals of Mathematical Statistics},
pages = {164-71},
title = {{A Maximization Technique Occurring in the Statistical Analysis of Probabilistic Functions of Markov Chains}},
volume = {41},
number = {1},
year = {1970},
month = {02},
doi = {10.1214/aoms/1177697196},
note = {чланак доступан на интернет адреси: \url{https://www.biostat.wisc.edu/~kbroman/teaching/statgen/2004/refs/baum.pdf}}
}

@article{welch2003,
author = {Welch, Lloyd R.},
journal = {IEEE Information Theory Society Newsletter},
pages = {9-13},
title = {{The Shannon Lecture -- Hidden Markov Models and the Baum-Welch Algorithm}},
volume = {53},
number = {4},
year = {2003},
month = {12},
issn = {1059-2362},
note = {чланак доступан на интернет адреси: \url{http://yanfenglu.net/documents/Baum-Welch_Algorithm.pdf}}
}

@article{rabiner1989,
author = {Rabiner, Lawrence},
journal = {Proceedings of the IEEE},
pages = {257-86},
title = {{A Tutorial on Hidden Markov Models and Selected Applications}},
volume = {77},
number = {2},
year = {1989},
month = {02},
doi = {10.1109/5.18626},
note = {чланак доступан на интернет адреси: \url{https://web.ece.ucsb.edu/Faculty/Rabiner/ece259/Reprints/tutorial\%20on\%20hmm\%20and\%20applications.pdf}}
}

@misc{kelliss2021,
author = {Kellis, Manolis},
title = {{7.5: Algorithmic Settings for HMMs}},
year = {2021},
month = {03},
note = {Biology LibreTexts, ауторски текст професора доступан на: \url{https://bio.libretexts.org/@go/page/40957}}
}

@book{stamp2021,
author = {Stamp, Mark and Alazab, Mamoun and Shalaginov, Andrii},
title = {{Malware Analysis Using Artificial Intelligence and Deep Learning}},
publisher = {Springer International Publishing},
year = {2021},
note = {део књиге бесплатно доступан на интернет адреси: \url{https://books.google.rs/books?id=QT4QEAAAQBAJ&pg=PA295}}
}

@article{churchill1989,
author = {Churchill, Gary A.},
journal = {Bulletin of Mathematical Biology},
pages = {79-94},
title = {{Stochastic models for heterogeneous DNA sequences}},
volume = {51},
number = {1},
year = {1989},
doi = {10.1007/BF02458837},
note = {апстракт доступан на интернет адреси: \url{https://pubmed.ncbi.nlm.nih.gov/2706403/}}
}

@article{krogh1994,
author = {Krogh, Anders and Brown, Michael and Mian, Saira and Sjölander, Kimmen and Haussler, David},
journal = {Journal of Molecular Biology},
pages = {1501-31},
title = {{Hidden Markov models in computational biology. Applications to protein modeling}},
volume = {235},
number = {5},
year = {1994},
doi = {10.1006/jmbi.1994.1104},
note = {апстракт доступан на: \url{https://pubmed.ncbi.nlm.nih.gov/8107089/}}
}

@article{baldi1994,
author = {Baldi, Pierre and Chauvin, Yves and Hunkapiller, Tim and Mcclure, Marcella},
year = {1994},
month = {03},
pages = {1059-63},
title = {{Hidden Markov Models of Biological Primary Sequence Information}},
volume = {91},
journal = {Proceedings of the National Academy of Sciences of the United States of America},
doi = {10.1073/pnas.91.3.1059},
note = {\url{https://www.pnas.org/content/pnas/91/3/1059.full.pdf}}
}

@article{beerenwinkel2007,
author = {Beerenwinkel, Niko and Drton, Mathias},
journal = {Biostatistics},
volume = {8},
number = {1},
pages = {53-71},
year = {2006},
month = {03},
title = {{A mutagenetic tree hidden Markov model for longitudinal clonal HIV sequence data}},
note = {чланак доступан на интернет адреси: \url{https://academic.oup.com/biostatistics/article-pdf/8/1/53/697249/kxj033.pdf}}
}