@book{compeau2015,
author = {Compeau, Phillip and Pevzner, Pavel},
title = {{Bioinformatics Algorithms: An Active Learning Approach, 2nd Edition, Vol. II}},
publisher = {Active Learning Publishers, LLC},
year = {2015},
note = {званични сајт књиге/уџбеника: \url{https://www.bioinformaticsalgorithms.org/}}
}

@misc{vasovich2021,
author = {Васовић, Лазар},
title = {{HMM u bioinformatici}},
year = {2021},
month = {09},
note = {GitHub, репозиторијум са електронском лекцијом доступан на: \url{https://github.com/matfija/HMM-u-bioinformatici}}
}